<collection xmlns="http://www.loc.gov/MARC21/slim">
<record>
  <leader>00774nam0a22001811i 450 </leader>
  <controlfield tag="001">IT\ICCU\CNCE\065711</controlfield>
  <controlfield tag="005">20060808000000.0</controlfield>
  <datafield tag="100" ind1=" " ind2=" ">
    <subfield code="a">20060727d1593        0itac0103    ba</subfield>
  </datafield>
  <datafield tag="101" ind1=" " ind2=" ">
    <subfield code="a">LAT</subfield>
  </datafield>
  <datafield tag="102" ind1=" " ind2=" ">
    <subfield code="a">IT</subfield>
  </datafield>
  <datafield tag="200" ind1="1" ind2=" ">
    <subfield code="a">Dechiaratione del divinissimo tesoro delle indulgenze per i vivi e per i morti. Con la risolutione di molti... cavato dai sacri dottori di santa chiesa per il molto rever. don Terentio Tripaldo ...</subfield>
  </datafield>
  <datafield tag="210" ind1=" " ind2=" ">
    <subfield code="a">In Napoli</subfield>
    <subfield code="c">appresso Gio. Iacomo Carlino</subfield>
    <subfield code="d">Antonio Pace</subfield>
    <subfield code="d">1593</subfield>
  </datafield>
  <datafield tag="215" ind1=" " ind2=" ">
    <subfield code="a">512 p.</subfield>
    <subfield code="d">8o</subfield>
  </datafield>
  <datafield tag="300" ind1=" " ind2=" ">
    <subfield code="a">ANNULLATA !!!  vedi 30937</subfield>
  </datafield>
  <datafield tag="620" ind1=" " ind2=" ">
    <subfield code="a">IT</subfield>
    <subfield code="d">Napoli</subfield>
  </datafield>
  <datafield tag="712" ind1="0" ind2="0">
    <subfield code="a">Carlino, Giovanni Giacomo &amp; Pace, Antonio</subfield>
    <subfield code="3">IT\ICCU\CNCT\000320</subfield>
    <subfield code="4">650</subfield>
  </datafield>
  <datafield tag="801" ind1=" " ind2="3">
    <subfield code="a">IT</subfield>
    <subfield code="b">ICCU</subfield>
    <subfield code="c">20201115</subfield>
  </datafield>
  <datafield tag="899" ind1=" " ind2=" ">
    <subfield code="a">Biblioteca Charitas della Basilica di S. Francesco. Paola</subfield>
    <subfield code="1">CS0080</subfield>
    <subfield code="2">CSA PS</subfield>
  </datafield>
</record>
</collection>
